@ARTICLE{berezhko,
   author = {{Berezhko}, E.~G. and {Krymski{\u i}}, G.~F.},
    title = "{REVIEWS OF TOPICAL PROBLEMS:  Acceleration of cosmic rays by shock waves}",
  journal = {Soviet Physics Uspekhi},
     year = 1988,
    month = jan,
   volume = 31,
    pages = {27-51},
      doi = {10.1070/PU1988v031n01ABEH002534},
   adsurl = {http://adsabs.harvard.edu/abs/1988SvPhU..31...27B},
  adsnote = {Provided by the SAO/NASA Astrophysics Data System}
}

@ARTICLE{ALS,
   author = {{Axford}, W.~I. and {Leer}, E. and {Skadron}, G.},
    title = "{The acceleration of cosmic rays by shock waves}",
  journal = {International Cosmic Ray Conference},
 keywords = {Compression Waves, Cosmic Rays, Particle Acceleration, Particle Interactions, Shock Wave Propagation, High Energy Interactions, Mach Number, One Dimensional Flow, Shock Fronts, Steady Flow},
     year = 1977,
   volume = 11,
    pages = {132-137},
   adsurl = {http://adsabs.harvard.edu/abs/1977ICRC...11..132A},
  adsnote = {Provided by the SAO/NASA Astrophysics Data System}
}

@ARTICLE{Bell1,
   author = {{Bell}, A.~R.},
    title = "{The acceleration of cosmic rays in shock fronts. I}",
  journal = {\mnras},
 keywords = {Cosmic Rays, Particle Acceleration, Relativistic Particles, Shock Fronts, Electrostatic Waves, Energy Spectra, Galactic Radiation, Magnetohydrodynamic Waves, Oblique Shock Waves, Shock Wave Propagation},
     year = 1978,
    month = jan,
   volume = 182,
    pages = {147-156},
   adsurl = {http://adsabs.harvard.edu/abs/1978MNRAS.182..147B},
  adsnote = {Provided by the SAO/NASA Astrophysics Data System}
}


@ARTICLE{Bell2,
   author = {{Bell}, A.~R.},
    title = "{The acceleration of cosmic rays in shock fronts. II}",
  journal = {\mnras},
 keywords = {Cosmic Rays, Particle Acceleration, Relativistic Particles, Shock Fronts, Bow Waves, Energy Spectra, Particle Density (Concentration), Radio Sources (Astronomy), Supernova Remnants, Synchrotron Radiation},
     year = 1978,
    month = feb,
   volume = 182,
    pages = {443-455},
   adsurl = {http://adsabs.harvard.edu/abs/1978MNRAS.182..443B},
  adsnote = {Provided by the SAO/NASA Astrophysics Data System}
}


@ARTICLE{Crim,
   author = {{Krymskii}, G.~F.},
    title = "{A regular mechanism for the acceleration of charged particles on the front of a shock wave}",
  journal = {Akademiia Nauk SSSR Doklady},
 keywords = {Charged Particles, Cosmic Rays, Interplanetary Medium, Particle Acceleration, Shock Fronts, Galactic Radiation, Nonuniform Magnetic Fields, Plane Waves},
     year = 1977,
    month = jun,
   volume = 234,
    pages = {1306-1308},
   adsurl = {http://adsabs.harvard.edu/abs/1977DoSSR.234.1306K},
  adsnote = {Provided by the SAO/NASA Astrophysics Data System}
}


@ARTICLE{BO,
   author = {{Blandford}, R.~D. and {Ostriker}, J.~P.},
    title = "{Particle acceleration by astrophysical shocks}",
  journal = {\apjl},
 keywords = {Cosmic Rays, Particle Acceleration, Relativistic Particles, Shock Waves, Extragalactic Radio Sources, Interstellar Matter, Magnetohydrodynamic Waves, Supernova Remnants},
     year = 1978,
    month = apr,
   volume = 221,
    pages = {L29-L32},
      doi = {10.1086/182658},
   adsurl = {http://adsabs.harvard.edu/abs/1978ApJ...221L..29B},
  adsnote = {Provided by the SAO/NASA Astrophysics Data System}
}


@misc{Kang,
   author = {{Kang}, H.},
    title = "{Energy spectrum of nonthermal electrons accelerated at a plane shock}",
  journal = {Journal of The Korean Astronomical Society},
 keywords = {Cosmic Rays, Particle Acceleration, Relativistic Particles, Shock Waves, Extragalactic Radio Sources, Interstellar Matter, Magnetohydrodynamic Waves, Supernova Remnants},
     year = 2011,
    month = apr,
   volume = 221,
    pages = {1-10},
      doi = {10.5303/JKAS.2011.44.2.1},
}

@ARTICLE{Krulls,
   author = {{Achterberg}, A. and {Krulls}, W.~M.},
    title = "{A fast simulation method for particle acceleration}",
  journal = {\aap},
 keywords = {Cosmic Rays, Particle Acceleration, Shock Waves, Turbulence Effects},
     year = 1992,
    month = nov,
   volume = 265,
    pages = {L13-L16},
   adsurl = {http://adsabs.harvard.edu/abs/1992A%26A...265L..13A},
  adsnote = {Provided by the SAO/NASA Astrophysics Data System}
}

@ARTICLE{Glad1,
   author = {{Bykov}, A.~M. and {Gladilin}, P.~E. and {Osipov}, S.~M.},
    title = "{Non-linear model of particle acceleration at colliding shock flows}",
  journal = {\mnras},
archivePrefix = "arXiv",
   eprint = {1212.1556},
 primaryClass = "astro-ph.HE",
 keywords = {acceleration of particles, shock waves},
     year = 2013,
    month = mar,
   volume = 429,
    pages = {2755-2762},
      doi = {10.1093/mnras/sts553},
   adsurl = {http://adsabs.harvard.edu/abs/2013MNRAS.429.2755B},
  adsnote = {Provided by the SAO/NASA Astrophysics Data System}
}

@misc{Glad2,
   author = {{Gladilin}, P.~E. and {Bykov}, A.~M. and {Osipov}, S.~M.},
    title = "{Time-dependent model of particle acceleration in the vicinity of approaching   magnetohydrodynamic  flows}",
  journal = {Conference series},
   eprint = {1212.1556},
 primaryClass = "astro-ph.HE",
 keywords = {acceleration of particles, shock waves},
     year = 2013,
    month = mar,
   volume = 461,
    pages = {2755-2762},
      doi = {10.1093/mnras/sts553},
}

@misc{Glad3,
   author = {{Gladilin}, P.~E. and {Bykov}, A.~M. and {Osipov}, S.~M.},
    title = "{Maximal energies of the particles accelerated by the system of converging magnetohydrodynamic flows}",
  journal = {Conference series},
   eprint = {1212.1556},
 primaryClass = "astro-ph.HE",
 keywords = {acceleration of particles, shock waves},
     year = 2014,
    month = mar,
   volume = 572,
    pages = {2755-2762},
      doi = {10.1093/mnras/sts553},
}

@misc{progon,
   author = {Годунов С.~К., Рябенький В.~С. },
    title = "{Введение в теорию разностных схем}",
  journal = {Физматгиз},
     year = 1962,
}

@misc{Ito,
   author = {Степанов С.~С. },
    title = "{Стохастический мир}",
     year = 2012,
}
